<record><leader>00000cas a2200000 a 4500</leader><controlfield tag="001">10030119</controlfield><controlfield tag="008">831018d19231937ohudn ne      0    0eng c</controlfield><datafield ind1=" " ind2=" " tag="010"><subfield code="a">sn 83035560 </subfield></datafield><datafield ind1=" " ind2=" " tag="040"><subfield code="a">NPY</subfield><subfield code="b">eng</subfield><subfield code="c">NPY</subfield><subfield code="d">NPX</subfield><subfield code="d">ONP</subfield><subfield code="d">DLC</subfield><subfield code="d">ONP</subfield><subfield code="d">NVF</subfield><subfield code="d">OCLCQ</subfield><subfield code="d">OCLCF</subfield><subfield code="d">OCLCO</subfield></datafield><datafield ind1="1" ind2=" " tag="029"><subfield code="a">AU@</subfield><subfield code="b">000020370209</subfield></datafield><datafield ind1=" " ind2=" " tag="042"><subfield code="a">pcc</subfield></datafield><datafield ind1=" " ind2=" " tag="043"><subfield code="a">n-us-oh</subfield></datafield><datafield ind1="0" ind2=" " tag="130"><subfield code="a">Telegraph-forum (Bucyrus, Ohio : 1923)</subfield></datafield><datafield ind1="1" ind2="4" tag="245"><subfield code="a">The telegraph-forum.</subfield></datafield><datafield ind1=" " ind2=" " tag="260"><subfield code="a">Bucyrus, Ohio :</subfield><subfield code="b">Crawford Co. Print. and Pub. Co.,</subfield><subfield code="c">1923-1937.</subfield></datafield><datafield ind1=" " ind2=" " tag="300"><subfield code="a">v.</subfield></datafield><datafield ind1=" " ind2=" " tag="310"><subfield code="a">Daily (except Sunday)</subfield></datafield><datafield ind1="0" ind2=" " tag="362"><subfield code="a">Vol. 50, no. 1 (May 21, 1923)- ; -v. 15, no. 156 (July 7, 1937).</subfield></datafield><datafield ind1=" " ind2=" " tag="500"><subfield code="a">Independent, 1923-1929; Republican, &lt;1930&gt;.</subfield></datafield><datafield ind1=" " ind2=" " tag="580"><subfield code="a">Formed by the union of: Bucyrus evening telegraph, and: Bucyrus journal (Bucyrus, Ohio : 1864), and: Daily forum (Bucyrus, Ohio), and: News-forum (Bucyrus, Ohio).</subfield></datafield><datafield ind1=" " ind2="0" tag="651"><subfield code="a">Bucyrus (Ohio)</subfield><subfield code="v">Newspapers.</subfield></datafield><datafield ind1=" " ind2="7" tag="655"><subfield code="a">Newspapers.</subfield><subfield code="2">fast</subfield><subfield code="0">(OCoLC)fst01423814</subfield></datafield><datafield ind1=" " ind2="7" tag="651"><subfield code="a">Ohio</subfield><subfield code="z">Bucyrus.</subfield><subfield code="2">fast</subfield><subfield code="0">(OCoLC)fst01222374</subfield></datafield><datafield ind1=" " ind2=" " tag="752"><subfield code="a">United States</subfield><subfield code="b">Ohio</subfield><subfield code="c">Crawford</subfield><subfield code="d">Bucyrus.</subfield></datafield><datafield ind1="1" ind2="4" tag="780"><subfield code="t">Bucyrus evening telegraph</subfield><subfield code="w">(DLC)sn 87076601</subfield></datafield><datafield ind1="1" ind2="4" tag="780"><subfield code="t">Bucyrus journal (Bucyrus, Ohio : 1864)</subfield><subfield code="w">(DLC)sn 87076600</subfield></datafield><datafield ind1="1" ind2="4" tag="780"><subfield code="t">Daily forum (Bucyrus, Ohio)</subfield><subfield code="w">(DLC)sn 87076603</subfield></datafield><datafield ind1="1" ind2="4" tag="780"><subfield code="t">News-forum (Bucyrus, Ohio)</subfield><subfield code="w">(DLC)sn 87076604</subfield></datafield><datafield ind1="0" ind2="0" tag="785"><subfield code="t">Bucyrus telegraph-forum</subfield><subfield code="w">(DLC)sn 87076608</subfield></datafield></record>